<?xml version="1.0" encoding="UTF-8"?><record xmlns="http://www.loc.gov/MARC21/slim" xmlns:cinclude="http://apache.org/cocoon/include/1.0" xmlns:zs="http://www.loc.gov/zing/srw/">
  <leader>00505nz  a2200145n  4500</leader>
  <controlfield tag="001">no 98042138 </controlfield>
  <controlfield tag="003">DLC</controlfield>
  <controlfield tag="005">19980127070450.1</controlfield>
  <controlfield tag="008">980126n| acannaab|          |n aad     c</controlfield>
  <datafield tag="010" ind1=" " ind2=" ">
    <subfield code="a">no 98042138 </subfield>
  </datafield>
  <datafield tag="035" ind1=" " ind2=" ">
    <subfield code="a">(OCoLC)oca04625963 </subfield>
  </datafield>
  <datafield tag="040" ind1=" " ind2=" ">
    <subfield code="a">OCoLC</subfield>
    <subfield code="c">OCoLC</subfield>
  </datafield>
  <datafield tag="100" ind1="1" ind2="0">
    <subfield code="a">Ficher, Jacobo,</subfield>
    <subfield code="d">1896-1978.</subfield>
    <subfield code="t">Preludio, siciliana y fuga,</subfield>
    <subfield code="m">piano, 4 hands,</subfield>
    <subfield code="n">op. 111</subfield>
  </datafield>
  <datafield tag="667" ind1=" " ind2=" ">
    <subfield code="a">Machine-derived authority record.</subfield>
  </datafield>
  <datafield tag="670" ind1=" " ind2=" ">
    <subfield code="a">LCCN 95-700365: Ficher, J. Preludio, siciliana y fuga, op. 111, 1969, piano a cuatro manos, 1986</subfield>
  </datafield>
</record>